

@article{climate,
author = {Curtis A. Deutsch  and Joshua J. Tewksbury  and Michelle Tigchelaar  and David S. Battisti  and Scott C. Merrill  and Raymond B. Huey  and Rosamond L. Naylor },
title = {Increase in crop losses to insect pests in a warming climate},
journal = {Science},
volume = {361},
number = {6405},
pages = {916-919},
year = {2018},
doi = {10.1126/science.aat3466}
}

@techreport{mamy:hal-03777257,
  TITLE = {{Impacts des produits phytopharmaceutiques sur la biodiversit{\'e} et les services {\'e}cosyst{\'e}miques. Rapport de l'expertise scientifique collective}},
  AUTHOR = {Mamy, Laure and Pesce, St{\'e}phane and Sanchez, Wilfried and Amichot, Marcel and Artigas, Joan and Aviron, St{\'e}phanie and Barth{\'e}l{\'e}my, Carole and Beaudouin, R{\'e}my and Bedos, Carole and B{\'e}rard, Annette and Berny, Philippe and Bertrand, C{\'e}dric and Bertrand, Colette and Betoulle, St{\'e}phane and Bureau-Point, {\`E}ve and Charles, Sandrine and Chaumot, Arnaud and Chauvel, Bruno and Coeurdassier, Michael and Corio-Costet, M.-F. and Coutellec, Marie-Agn{\`e}s and Crouzet, Olivier and Doussan, Isabelle and Douzals, Jean Paul and Fabure, Juliette and Fritsch, Cl{\'e}mentine and Gallai, Nicola and Gonzalez, Patrice and Gouy, V{\'e}ronique and Hedde, Mickael and Langlais, Alexandra and Le Bellec, Fabrice and Leboulanger, C and Margoum, Christelle and Martin-Laurent, Fabrice and Mongruel, R{\'e}mi and Morin, Soizic and Mougin, Christian and Munaron, Dominique and Nelieu, Sylvie and P{\'e}losi, C{\'e}line and Rault, Magali and Ris, N. and Sabater, Sergi and Stachowski-Haberkorn, Sabine and Sucr{\'e}, Elliott and Thomas, Marielle and Tournebize, Julien and Achard, Anne Laure and Le Gall, Morgane and Le Perchec, Sophie and Delebarre, Estelle and Larras, Floriane and Leenhardt, Sophie},
  TYPE = {Research Report},
  HAL_LOCAL_REFERENCE = {DEPE},
  HAL_LOCAL_REFERENCE = {ESCo\_18-Pesti-Ecotox},
  PAGES = {1408 p.},
  INSTITUTION = {{INRAE ; IFREMER}},
  YEAR = {2022},
  DOI = {10.17180/0gp2-cd65},
  KEYWORDS = {Biodiversit{\'e} ; Services {\'e}cosyst{\`e}miques ; Produits phytopharmaceutiques ; Pesticides -- Toxicologie},
  PDF = {https://hal.inrae.fr/hal-03777257v1/file/RapportFinal_PestiEcotox_Complet.pdf},
  HAL_ID = {hal-03777257},
  HAL_VERSION = {v1},
}

@article{Smith2022PollinatorDeficits,
  author       = {Smith, Matthew R. and Mueller, Nathaniel D. and Springmann, Marco and Sulser, Timothy B. and Garibaldi, Lucas A. and Gerber, James and Wiebe, Keith and Myers, Samuel S.},
  title        = {Pollinator Deficits, Food Consumption, and Consequences for Human Health: A Modeling Study},
  journal      = {Environmental Health Perspectives},
  volume       = {130},
  number       = {12},
  pages        = {127003},
  year         = {2022},
  doi          = {10.1289/EHP10947},
}



@article{survey2024a,
author = {Md Akbar, Jalal Uddin and Kamarulzaman, Syafiq and Muzahid, Abu and Rahman, Md Arafatur and Uddin, Mueen},
year = {2024},
month = {01},
pages = {1-1},
title = {A Comprehensive Review on Deep Learning Assisted Computer Vision Techniques for Smart Greenhouse Agriculture},
volume = {PP},
journal = {IEEE Access},
doi = {10.1109/ACCESS.2024.3349418}
}
@article{survey2024b,
author = {Mittal, Mamta and Gupta, Vedika and Aamash, Mohammad and Upadhyay, Tejas},
title = {Machine learning for pest detection and infestation prediction: A comprehensive review},
journal = {WIREs Data Mining and Knowledge Discovery},
volume = {14},
number = {5},
doi = {https://doi.org/10.1002/widm.1551},
year = {2024}
}

@Article{survey2023,
AUTHOR = {Teixeira, Ana Cláudia and Ribeiro, José and Morais, Raul and Sousa, Joaquim J. and Cunha, António},
TITLE = {A Systematic Review on Automatic Insect Detection Using Deep Learning},
JOURNAL = {Agriculture},
VOLUME = {13},
YEAR = {2023},
NUMBER = {3},
ARTICLE-NUMBER = {713},
DOI = {10.3390/agriculture13030713}
}



@Article{survey2022,
AUTHOR = {Domingues, Tiago and Brandão, Tomás and Ferreira, João C.},
TITLE = {Machine Learning for Detection and Prediction of Crop Diseases and Pests: A Comprehensive Survey},
JOURNAL = {Agriculture},
VOLUME = {12},
YEAR = {2022},
NUMBER = {9},
ARTICLE-NUMBER = {1350},
DOI = {10.3390/agriculture12091350}
}
@online{IPM_EU,
 url = {https://food.ec.europa.eu/plants/pesticides/sustainable-use-pesticides/integrated-pest-management-ipm_en},
    urldate = {2025-04-02}
}

@online{IPM_FAO,
    url = {https://www.fao.org/pest-and-pesticide-management/ipm/integrated-pest-management/en/},
    urldate = {2025-04-04}
}

@inbook{IPM_book,
title = "Advances in pest and disease management in greenhouse cultivation",
author = "G.J. Messelink and H.M. Kruidhof",
year = "2019",
month = sep,
doi = "10.19103/as.2019.0052.17",
pages = "311--356",
editor = "L. Marcelis and E. Heuvelink",
booktitle = "Achieving sustainable greenhouse cultivation",
publisher = "Burleigh Dodds Science Publishing",
address = "United Kingdom",
}



@article{li_field_2021,
	title = {Field detection of tiny pests from sticky trap images using deep learning in agricultural greenhouse},
	volume = {183},
	doi = {10.1016/j.compag.2021.106048},
	journal = {Computers and Electronics in Agriculture},
	author = {Li, Wenyong and Wang, Dujin and Li, Ming and Gao, Yulin and Wu, Jianwei and Yang, Xinting},
	month = apr,
	year = {2021},
	pages = {106048},
	file = {PDF:/home/wald/snap/zotero-snap/common/Zotero/storage/MQTK2TT5/Li et al. - 2021 - Field detection of tiny pests from sticky trap images using deep learning in agricultural greenhouse.pdf:application/pdf},
}

@article{rustia_automatic_2021,
	title = {Automatic greenhouse insect pest detection and recognition based on a cascaded deep learning classification method},
	volume = {145},
	doi = {10.1111/jen.12834},
	number = {3},
	journal = {Journal of Applied Entomology},
	author = {Rustia, Dan Jeric Arcega and Chao, Jun‐Jee and Chiu, Lin‐Ya and Wu, Ya‐Fang and Chung, Jui‐Yung and Hsu, Ju‐Chun and Lin, Ta‐Te},
	month = apr,
	year = {2021},
	pages = {206--222},
	file = {PDF:/home/wald/snap/zotero-snap/common/Zotero/storage/LIBFAA3L/Rustia et al. - 2021 - Automatic greenhouse insect pest detection and recognition based on a cascaded deep learning classif.pdf:application/pdf},
}

@inproceedings{costa_intelligent_2023,
	address = {Évora, Portugal},
	title = {Intelligent {System} for {Automatic} {Whitefly} {Detection} in {Tomato} {Greenhouses}},
	copyright = {https://doi.org/10.15223/policy-029},
	doi = {10.1109/exp.at2358782.2023.10546195},
	booktitle = {2023 6th {Experiment}@ {International} {Conference} (exp.at'23)},
	publisher = {IEEE},
	author = {Costa, Dinis and Cardoso, Bruno and Silva, Catarina and Costa, Joana and Ribeiro, Bernardete},
	month = jun,
	year = {2023},
	pages = {29--30},
	file = {PDF:/home/wald/snap/zotero-snap/common/Zotero/storage/72FLYATC/Costa et al. - 2023 - Intelligent System for Automatic Whitefly Detection in Tomato Greenhouses.pdf:application/pdf},
}

@article{wang_deep-learning-based_2024,
	title = {A {Deep}-{Learning}-{Based} {Detection} {Method} for {Small} {Target} {Tomato} {Pests} in {Insect} {Traps}},
	volume = {14},
	copyright = {https://creativecommons.org/licenses/by/4.0/},
	doi = {10.3390/agronomy14122887},
	number = {12},
	journal = {Agronomy},
	author = {Wang, Song and Chen, Daqing and Xiang, Jianxia and Zhang, Cong},
	month = dec,
	year = {2024},
	note = {Publisher: MDPI AG},
	pages = {2887},
	file = {PDF:/home/wald/snap/zotero-snap/common/Zotero/storage/2NRVN6K8/Wang et al. - 2024 - A Deep-Learning-Based Detection Method for Small Target Tomato Pests in Insect Traps.pdf:application/pdf},
}

@inproceedings{shi_small_2025,
	address = {Hyderabad, India},
	title = {Small {Target} {Insect} {Detection} {Based} on {Improved} {YOLOv8n}},
	copyright = {https://doi.org/10.15223/policy-029},
	doi = {10.1109/icassp49660.2025.10890801},
	booktitle = {{ICASSP} 2025 - 2025 {IEEE} {International} {Conference} on {Acoustics}, {Speech} and {Signal} {Processing} ({ICASSP})},
	publisher = {IEEE},
	author = {Shi, Jianyu and Jia, Yuan and Zhou, Gang and Wang, Jiajia and Jia, Zhenhong},
	month = apr,
	year = {2025},
	pages = {1--5},
	file = {PDF:/home/wald/snap/zotero-snap/common/Zotero/storage/6E543JJ7/Shi et al. - 2025 - Small Target Insect Detection Based on Improved YOLOv8n.pdf:application/pdf},
}

@article{zhang_automatic_2023,
	title = {Automatic pest identification system in the greenhouse based on deep learning and machine vision},
	volume = {14},
	doi = {10.3389/fpls.2023.1255719},
	journal = {Frontiers in Plant Science},
	author = {Zhang, Xiaolei and Bu, Junyi and Zhou, Xixiang and Wang, Xiaochan},
	month = sep,
	year = {2023},
	pages = {1255719},
	file = {PDF:/home/wald/snap/zotero-snap/common/Zotero/storage/BSFTL2M8/Zhang et al. - 2023 - Automatic pest identification system in the greenhouse based on deep learning and machine vision.pdf:application/pdf},
}



@article{rustia_online_2021,
	title = {Online semi-supervised learning applied to an automated insect pest monitoring system},
	volume = {208},
	doi = {10.1016/j.biosystemseng.2021.05.006},
	journal = {Biosystems Engineering},
	author = {Rustia, Dan Jeric Arcega and Lu, Chen-Yi and Chao, Jun-Jee and Wu, Ya-Fang and Chung, Jui-Yung and Hsu, Ju-Chun and Lin, Ta-Te},
	month = aug,
	year = {2021},
	pages = {28--44},
	file = {PDF:/home/wald/snap/zotero-snap/common/Zotero/storage/QVWQPKE4/Rustia et al. - 2021 - Online semi-supervised learning applied to an automated insect pest monitoring system.pdf:application/pdf},
}

@inproceedings{majewski_improved_2024,
	address = {Rome, Italy},
	title = {Improved {Pest} {Detection} in {Insect} {Larvae} {Rearing} with {Pseudo}-{Labelling} and {Spatio}-{Temporal} {Masking}:},
	shorttitle = {Improved {Pest} {Detection} in {Insect} {Larvae} {Rearing} with {Pseudo}-{Labelling} and {Spatio}-{Temporal} {Masking}},
	doi = {10.5220/0012311300003660},
	booktitle = {Proceedings of the 19th {International} {Joint} {Conference} on {Computer} {Vision}, {Imaging} and {Computer} {Graphics} {Theory} and {Applications}},
	publisher = {SCITEPRESS - Science and Technology Publications},
	author = {Majewski, Paweł and Lampa, Piotr and Burduk, Robert and Reiner, Jacek},
	year = {2024},
	pages = {349--356},
	file = {PDF:/home/wald/snap/zotero-snap/common/Zotero/storage/KWYEBLVJ/Majewski et al. - 2024 - Improved Pest Detection in Insect Larvae Rearing with Pseudo-Labelling and Spatio-Temporal Masking.pdf:application/pdf},
}

@article{zhou_mutual_2024,
	title = {Mutual learning with memory for semi-supervised pest detection},
	volume = {15},
	doi = {10.3389/fpls.2024.1369696},
	journal = {Frontiers in Plant Science},
	author = {Zhou, Jiale and Huang, He and Sun, Youqiang and Chu, Jiqing and Zhang, Wei and Qu, Fang and Yang, Huamin},
	month = jun,
	year = {2024},
	pages = {1369696},
	file = {PDF:/home/wald/snap/zotero-snap/common/Zotero/storage/SBIR8PVQ/Zhou et al. - 2024 - Mutual learning with memory for semi-supervised pest detection.pdf:application/pdf},
}

@article{gomez-zamanillo_semi-supervised_2025,
	title = {Semi-{Supervised} {Approach} for {Automatic} {Counting} of {Whiteflies} {With} {Small} {Annotated} {Dataset}},
	volume = {13},
	copyright = {https://creativecommons.org/licenses/by-nc-nd/4.0/},
	doi = {10.1109/ACCESS.2025.3552195},
	journal = {IEEE Access},
	author = {Gomez-Zamanillo, Laura and Bereciartua-Perez, Arantza and Elola, Andoni and Picon, Artzai and Alvarez-Gila, Aitor and Egusquiza, Itziar and Navarra-Mestre, Ramon},
	year = {2025},
	pages = {55586--55598},
	file = {PDF:/home/wald/snap/zotero-snap/common/Zotero/storage/APU6G3XB/Gomez-Zamanillo et al. - 2025 - Semi-Supervised Approach for Automatic Counting of Whiteflies With Small Annotated Dataset.pdf:application/pdf},
}

@article{zhou_perceptive_2025,
	title = {Perceptive {Teacher}: {Semi}-{Supervised} small object detection of {Brassica} {Chinensis} seedlings and pest infestations},
	volume = {229},
	shorttitle = {Perceptive {Teacher}},
	doi = {10.1016/j.compag.2025.109956},
	journal = {Computers and Electronics in Agriculture},
	author = {Zhou, Cheng and Shi, Fanhuai},
	month = feb,
	year = {2025},
	pages = {109956},
	file = {PDF:/home/wald/snap/zotero-snap/common/Zotero/storage/25VNFVAB/Zhou und Shi - 2025 - Perceptive Teacher Semi-Supervised small object detection of Brassica Chinensis seedlings and pest.pdf:application/pdf},
}

@inproceedings{li_mateacher_2024,
	address = {Nanjing, China},
	title = {{MATeacher}: {Multi}-scale {Views} {Learning} and {Adaptive} {Unsupervised} {Weight} for {Semi}-supervised {Pest} {Region} {Detection}},
	copyright = {https://doi.org/10.15223/policy-029},
	shorttitle = {{MATeacher}},
	doi = {10.1109/RICAI64321.2024.10911445},
	booktitle = {2024 6th {International} {Conference} on {Robotics}, {Intelligent} {Control} and {Artificial} {Intelligence} ({RICAI})},
	publisher = {IEEE},
	author = {Li, Xianwei and Zhang, Junqing and Sun, Youqiang and Huang, He},
	month = dec,
	year = {2024},
	pages = {698--703},
	file = {PDF:/home/wald/snap/zotero-snap/common/Zotero/storage/P5TNZSZS/Li et al. - 2024 - MATeacher Multi-scale Views Learning and Adaptive Unsupervised Weight for Semi-supervised Pest Regi.pdf:application/pdf},
}


@article{dang_efficient_2024,
	title = {An efficient zero-labeling segmentation approach for pest monitoring on smartphone-based images},
	volume = {160},
	doi = {10.1016/j.eja.2024.127331},
	journal = {European Journal of Agronomy},
	author = {Dang, L. Minh and Danish, Sufyan and Khan, Asma and Alam, Nur and Fayaz, Muhammad and Nguyen, Dinh Khuong and Song, Hyoung-Kyu and Moon, Hyeonjoon},
	month = oct,
	year = {2024},
	pages = {127331},
	file = {PDF:/home/wald/snap/zotero-snap/common/Zotero/storage/UNECJSC9/Dang et al. - 2024 - An efficient zero-labeling segmentation approach for pest monitoring on smartphone-based images.pdf:application/pdf},
}

@article{raaz_smart_2023,
  title={Smart Checkpots--Proof of concept for a mobile pest and climate monitoring system in greenhouses},
  author={Raaz, Waldemar and B{\"o}ckmann, Elias and G{\"o}tte, Elisabeth and Hack, Gabriele and Jahncke, Daniel and Mentrup, Daniel and Pape, Dennis and Pastrana, Julio and Rath, Thomas and Rehling, Leon and others},
  journal={DGG-Proceedings},
  volume={11},
  number={8},
  year={2023},
	doi = {10.5288/DGG-PR-11-08-WR-2023}
}

@inproceedings{arazo_pseudo-labeling_2020,
	 title={Pseudo-labeling and confirmation bias in deep semi-supervised learning},
  author={Arazo, Eric and Ortego, Diego and Albert, Paul and O’Connor, Noel E and McGuinness, Kevin},
  booktitle={2020 International joint conference on neural networks (IJCNN)},
  pages={1--8},
  year={2020},
  organization={IEEE},
doi= {10.48550/arXiv.1908.02983}
}
@article{lee_pseudo-label_nodate,
title={Pseudo-label: The simple and efficient semi-supervised learning method for deep neural networks},
  author={Lee, Dong-Hyun and others},
  journal={Workshop on challenges in representation learning, ICML},
  volume={3},
  number={2},
  pages={896},
  year={2013},
  organization={Atlanta}
}

@inproceedings{pham_meta_2021,
     title={Meta pseudo labels},
    author={Pham, Hieu and Dai, Zihang and Xie, Qizhe and Le, Quoc V},
    booktitle={Proceedings of the IEEE/CVF conference on computer vision and pattern recognition},
  pages={11557--11568},
  year={2021},

	doi = {10.48550/arXiv.2003.10580},
	
}
	

@article{sohn_simple_2020,
	title = {A {Simple} {Semi}-{Supervised} {Learning} {Framework} for {Object} {Detection}},
    journal = {arXiv preprint arXiv:2005.04757},
	doi = {10.48550/arXiv.2005.04757},
	author = {Sohn, Kihyuk and Zhang, Zizhao and Li, Chun-Liang and Zhang, Han and Lee, Chen-Yu and Pfister, Tomas},
	month = dec,
	year = {2020},
	keywords = {Computer Science - Computer Vision and Pattern Recognition}
}

@article{amini_self-training_2025,
	title = {Self-{Training}: {A} {Survey}},
	volume = {616},
	doi = {10.1016/j.neucom.2024.128904},
	journal = {Neurocomputing},
	author = {Amini, Massih-Reza and Feofanov, Vasilii and Pauletto, Loic and Hadjadj, Lies and Devijver, Emilie and Maximov, Yury},
	month = feb,
	year = {2025},
	keywords = {Computer Science - Machine Learning},
	pages = {128904}
}


@inproceedings{redmon2016you,
  title={You only look once: Unified, real-time object detection},
  author={Redmon, Joseph and Divvala, Santosh and Girshick, Ross and Farhadi, Ali},
  booktitle={Proceedings of the IEEE conference on computer vision and pattern recognition},
  pages={779--788},
  year={2016},
    doi = {10.48550/arXiv.1506.02640}
}


@online{YOLO8,
    title = {YOLOv8},
url = {https://docs.ultralytics.com/models/yolov8/},
urldate = {2025-6-18}
}